
@article{canuto1984combined,
  title={Combined finite element and spectral approximation of the {Navier-Stokes} equations},
  author={Canuto, Claudio and Maday, Yvon and Quarteroni, Alfio},
  journal={Numerische Mathematik},
  volume={44},
  number={2},
  pages={201--217},
  year={1984},
  publisher={Springer}
}


@article{jensen1990divergence,
  title={Divergence stability in connection with the p-version of the finite element method},
  author={Jensen, S and Vogelius, M},
  journal={ESAIM: Mathematical Modelling and Numerical Analysis},
  volume={24},
  number={6},
  pages={737--764},
  year={1990},
  publisher={EDP Sciences}
}


@inproceedings{nakahashi1989finite,
  title={A finite-element method on prismatic elements for the three-dimensional {Navier-Stokes} equations},
  author={Nakahashi, Kazuhiro},
  booktitle={11th International Conference on Numerical Methods in Fluid Dynamics},
  pages={434--438},
  year={1989},
  organization={Springer}
}


@article{mcrae2016automated,
  title={Automated generation and symbolic manipulation of tensor product finite elements},
  author={McRae, Andrew TT and Bercea, G-T and Mitchell, Lawrence and Ham, David A and Cotter, Colin J},
  journal={SIAM Journal on Scientific Computing},
  volume={38},
  number={5},
  pages={S25--S47},
  year={2016},
  publisher={SIAM}
}


@article{pechstein2012anisotropic,
  title={Anisotropic mixed finite elements for elasticity},
  author={Pechstein, Astrid and Sch{\"o}berl, Joachim},
  journal={International journal for numerical methods in engineering},
  volume={90},
  number={2},
  pages={196--217},
  year={2012},
  publisher={Wiley Online Library}
}


@book{boffi2013mixed,
  title={Mixed finite element methods and applications},
  author={Boffi, Daniele and Brezzi, Franco and Fortin, Michel and others},
  volume={44},
  year={2013},
  publisher={Springer}
}


@article{cockburn2007note,
  title={A note on discontinuous {Galerkin} divergence-free solutions of the {Navier--Stokes} equations},
  author={Cockburn, Bernardo and Kanschat, Guido and Sch{\"o}tzau, Dominik},
  journal={Journal of Scientific Computing},
  volume={31},
  pages={61--73},
  year={2007},
  publisher={Springer}
}
